@techreport{parques_eolicos,
  author      = "Gabriel Esteban Rojas",
  title       = "Integración de baterías de almacenamiento de energía en parques eólicos de un sistema de transmisión regional
",
  institution = "Universidad de los Andes",
  year        = "2016"
}


@mastersthesis{bess_zarate,
  author  = "Jhon Sebastián Zárate Herrera",
  title   = "Integración de elementos almacenadores de energía del tipo
baterías al sistema de interconectado nacional colombiano",
  school  = "Universidad de los Andes",
  year    = "2017"
}


@misc{BESS_GERMANY,
    author = "Tjark Thien - Hendrik Axelsen - Michael Merten - Dirk Uwe Sauer",
    title = "Energy management of stationary hybrid battery energy storage systems using the example of a real-world 5 MW hybrid battery storage project in Germany",
journal = {Institute for Power Electronics and Electrical Drive-Alemania},
year = {2022},
   
}


@misc{BESS_KASUGA_JAPON,
    author = "Ayas Shaqour - Hooman Farzaneh -Yuichiro Yoshida -Tatsuya Hinokuma",
    title = "Power control and simulation of a building integrated stand-alone hybrid PV-wind-battery system in Kasuga City, Japan",
journal = { Kyushu University-Japon},
year = {2020},
   
}


@article{fosfato-bess,
title = {Annual operating characteristics analysis of photovoltaic-energy storage microgrid based
on retired lithium iron phosphate batteries},
journal = {Journal of Energy Storage},
volume = {45},
pages = {103769},
year = {2022},
issn = {2352-152X},
doi = {https://doi.org/10.1016/j.est.2021.103769},
url = {https://www.sciencedirect.com/science/article/pii/S2352152X21014420},
author = {Yan Gao and Yingling Cai and Chenglin Liu},

}

@misc{BESS_ION_LITIO,
    author = "Muhammad Fahad Zia - Mashood Nasir - Elhoussin Elbouchikhi - Mohamed Benbouzid Juan C. Vasquez - Josep M. Guerrero ",
    title = "Energy management system for a hybrid PV-Wind-Tidal-Battery-based islanded DC microgrid: Modeling and experimental validation",
journal = {University of Brest-Francia},
year = {2022},
   
}

@misc{proyecto_mg,
    author = "pepeenergy",
    title = "¿Qué es la potencia nomial?",
    url  = "https://www.pepeenergy.com/blog/glosario/definicion-potencia-nominal/",
}

@book{Handbook,
  author = {ASIAN DEVELOPMENT BANK},
  year = {2018},
  title = {Handbook on Battery Energy Storage System},
  publisher = {ASIAN DEVELOPMENT BANK}
  }

  @article{microgrid,
  title={The Role of Energy Storage in a Microgrid Concept: Examining the opportunities and promise of microgrids.},
  author={Qiang Fu and Ahmad Hamidi and Adel Nasiri and Vijay Bhavaraju and Slobodan Krstic and Peter J. Theisen},
  journal={IEEE Electrification Magazine},
  year={2013},
  volume={1},
  pages={21-29}
}


@techreport{bess_distritall,
  author      = "Estudios eléctricos de aplicaciones en transmisión con sistemas
de almacenamiento de energía con baterías (BESS) para su
integración en el sistema interconectado nacional",
  institution = "Universidad Distrital Francisco José de Caldas",
  year        = "2018"
}



@misc{profundidad_descarga,
    author = "Laboratorio de investigación de Sistemas Electrónicos para la Sostenibilidad 
 SESLab",
    title = "Estado de carga y profundidad de descarga",
    url  = "http://seslab.org/fotovoltaico/243_estado_de_carga_y_profundidad_de_descarga.html",
}

@misc{tiempo_ida_vuelta,
    author = "CLOUDFLARE",
    title = "¿Qué es el tiempo de ida y vuelta?",
    url  = "https://www.cloudflare.com/es-es/learning/cdn/glossary/round-trip-time-rtt/",
}

@book{rashid-inversor,
  title={Electr{\'o}nica de potencia: circuitos, dispositivos y aplicaciones},
  author={Rashid, M.H. and Pozo, V.G.},
  isbn={9789702605324},
  series={{\'A}rea: Ingenier{\'\i}a},
  url={https://books.google.com.co/books?id=5OXh2vdmCRsC},
  year={2004},
  publisher={Pearson Educaci{\'o}n}
}
 @misc{siemens,
 title={Battery Energy Storage Solutions: Bess: Storage Solutions: Siemens Energy Global},
 url={https://www.siemens-energy.com/global/en/offerings/storage-solutions/battery-energy-storage.html\#:~:text=What\%20are \%20BESS\%3F\&text=Battery\%20Energy\%20Storage\%20Systems\%2C\%20or,power\%20and\%20improve\%20grid\%20stability.},
 journal={siemens}} 


  @misc{SOC, title={Estado de Carga de una Batería}, 
  url={https://la.mathworks.com/solutions/power-electronics-control/battery-state-of-charge.html\#:~:text=El\%20estado\%20de\%20carga\%20(SOC,tiempo\%20y\%20la\%20capacidad\%20total.}, journal={MathWorks}} 
 @misc{densidad,
 title={Densidad Energética},
 url={https://energyeducation.ca/Enciclopedia_de_Energia/index.php/Densidad_energ\%C3\%A9tica\#:~:text=La\%20densidad\%20energ\%C3\%A9tica\%20es\%20la,de\%20energ\%C3\%ADa\%20que\%20tiene\%20almacenada.},
 journal={Densidad energética - Enciclopedia de Energia}} 
 
 @inproceedings{li2019capacity,
  title={Capacity co-optimization of thermal and battery energy storage system in multi-energy complementary system},
  author={Li, Pai and Huang, Yuehui and Qi, Wannian and Gan, Jiatian},
  booktitle={2019 IEEE Innovative Smart Grid Technologies-Asia (ISGT Asia)},
  pages={3815--3819},
  year={2019},
  organization={IEEE}
}
@article{C-rate,
  title={Charging-rate-based Battery Energy Storage System in Wind Farm and Battery Storage Cooperation Bidding Problem},
  author={Qiu, Zihang and Zhang, Wang and Lu, Shuai and Li, Chaojie and Wang, Jingbo and Meng, Ke and Dong, Zhaoyang},
  journal={CSEE Journal of Power and Energy Systems},
  volume={8},
  number={3},
  pages={659--668},
  year={2022},
  publisher={CSEE}
}
@article{ropero2022sizing,
  title={Sizing assessment of islanded microgrids considering total investment cost and tax benefits in Colombia},
  author={Ropero-Casta{\~n}o, Wilmer and Mu{\~n}oz-Galeano, Nicol{\'a}s and Caicedo-Bravo, Eduardo F and Maya-Duque, Pablo and L{\'o}pez-Lezama, Jes{\'u}s M},
  journal={Energies},
  volume={15},
  number={14},
  pages={5161},
  year={2022},
  publisher={MDPI}
}